@article{haerder1983principles,
	title={Principles of transaction-oriented database recovery},
	author={Haerder, Theo and Reuter, Andreas},
	journal={ACM computing surveys (CSUR)},
	volume={15},
	number={4},
	pages={287--317},
	year={1983},
	publisher={ACM}
}

@inproceedings{holzschuher2013performance,
	title={Performance of graph query languages: comparison of cypher, gremlin and native access in Neo4j},
	author={Holzschuher, Florian and Peinl, Ren{\'e}},
	booktitle={Proceedings of the Joint EDBT/ICDT 2013 Workshops},
	pages={195--204},
	year={2013},
	organization={ACM}
}

@inproceedings{miller2013graph,
	title={Graph database applications and concepts with Neo4j},
	author={Miller, Justin J},
	booktitle={Proceedings of the Southern Association for Information Systems Conference, Atlanta, GA, USA},
	volume={2324},
	number={S 36},
	year={2013}
}

@inproceedings{vicknair2010comparison,
	title={A comparison of a graph database and a relational database: a data provenance perspective},
	author={Vicknair, Chad and Macias, Michael and Zhao, Zhendong and Nan, Xiaofei and Chen, Yixin and Wilkins, Dawn},
	booktitle={Proceedings of the 48th annual Southeast regional conference},
	pages={42},
	year={2010},
	organization={ACM}
}

@article{campos2016towards,
	title={Towards temporal graph databases},
	author={Campos, Alexander and Mozzino, Jorge and Vaisman, Alejandro},
	journal={arXiv preprint arXiv:1604.08568},
	year={2016}
}
@article{khurana2012introduction,
	title={An introduction to temporal graph data management},
	author={Khurana, Udayan},
	journal={Computer Science Department, University of Maryland MA thesis. Online at https://www. cs. umd. edu/sites/default/files/scholarly\_papers/Khurana\_SchPaper\_1. pdf},
	year={2012}
}
@article{strauch2011nosql,
	title={NoSQL databases},
	author={Strauch, Christof and Sites, Ultra-Large Scale and Kriha, Walter},
	journal={Lecture Notes, Stuttgart Media University},
	volume={20},
	year={2011}
}

@inproceedings{angles2012comparison,
	title={A comparison of current graph database models},
	author={Angles, Renzo},
	booktitle={2012 IEEE 28th International Conference on Data Engineering Workshops},
	pages={171--177},
	year={2012},
	organization={IEEE}
}

@article{codd1981data,
	title={Data models in database management},
	author={Codd, Edgar F},
	journal={ACM Sigmod Record},
	volume={11},
	number={2},
	pages={112--114},
	year={1981},
	publisher={ACM}
}

@inproceedings{han2011survey,
	title={Survey on NoSQL database},
	author={Han, Jing and Haihong, E and Le, Guan and Du, Jian},
	booktitle={2011 6th international conference on pervasive computing and applications},
	pages={363--366},
	year={2011},
	organization={IEEE}
}

@book{raj2015neo4j,
	title={Neo4j high performance},
	author={Raj, Sonal},
	year={2015},
	publisher={Packt Publishing Ltd}
}

@book{bondy1976graph,
	title={Graph theory with applications},
	author={Bondy, John Adrian and Murty, Uppaluri Siva Ramachandra and others},
	volume={290},
	year={1976},
	publisher={Citeseer}
}

@book{vukotic2015neo4j,
	title={Neo4j in action},
	author={Vukotic, Aleksa and Watt, Nicki and Abedrabbo, Tareq and Fox, Dominic and Partner, Jonas},
	volume={22},
	year={2015},
	publisher={Manning Shelter Island}
}

@book{webber2010rest,
	title={REST in practice: Hypermedia and systems architecture},
	author={Webber, Jim and Parastatidis, Savas and Robinson, Ian},
	year={2010},
	publisher={" O'Reilly Media, Inc."}
}

@inproceedings{francis2018cypher,
	title={Cypher: An evolving query language for property graphs},
	author={Francis, Nadime and Green, Alastair and Guagliardo, Paolo and Libkin, Leonid and Lindaaker, Tobias and Marsault, Victor and Plantikow, Stefan and Rydberg, Mats and Selmer, Petra and Taylor, Andr{\'e}s},
	booktitle={Proceedings of the 2018 International Conference on Management of Data},
	pages={1433--1445},
	year={2018},
	organization={ACM}
}

@article{simon2000brewer,
	title={Brewerâ€™s cap theorem},
	author={Simon, Salom{\'e}},
	journal={CS341 Distributed Information Systems, University of Basel (HS2012)},
	year={2000}
}

@inproceedings{holzschuher2013performance,
	title={Performance of graph query languages: comparison of cypher, gremlin and native access in Neo4j},
	author={Holzschuher, Florian and Peinl, Ren{\'e}},
	booktitle={Proceedings of the Joint EDBT/ICDT 2013 Workshops},
	pages={195--204},
	year={2013},
	organization={ACM}
}

@book{robinson2013graph,
	title={Graph databases},
	author={Robinson, Ian and Webber, Jim and Eifrem, Emil},
	year={2013},
	publisher={" O'Reilly Media, Inc."}
}

@inproceedings{angles2005querying,
	title={Querying RDF data from a graph database perspective},
	author={Angles, Renzo and Gutierrez, Claudio},
	booktitle={European Semantic Web Conference},
	pages={346--360},
	year={2005},
	organization={Springer}
}

@inproceedings{fernandes2018graph,
	title={Graph Databases Comparison: AllegroGraph, ArangoDB, InfiniteGraph, Neo4J, and OrientDB.},
	author={Fernandes, Diogo and Bernardino, Jorge},
	booktitle={DATA},
	pages={373--380},
	year={2018}
}

@inproceedings{jouili2013empirical,
	title={An empirical comparison of graph databases},
	author={Jouili, Salim and Vansteenberghe, Valentin},
	booktitle={2013 International Conference on Social Computing},
	pages={708--715},
	year={2013},
	organization={IEEE}
}

